<record xmlns="http://www.loc.gov/MARC21/slim" xmlns:xsi="http://www.w3.org/2001/XMLSchema-instance" xsi:schemaLocation="http://www.loc.gov/MARC21/slim http://www.loc.gov/standards/marcxml/schema/MARC21slim.xsd"><leader>     nam a22        4500</leader><controlfield tag="001">001680138</controlfield><controlfield tag="003">NNU</controlfield><controlfield tag="006">m        d        </controlfield><controlfield tag="007">cr cn |||m|||a</controlfield><controlfield tag="008">150313s1897    ua      o     000 0dara d</controlfield><datafield ind1=" " ind2=" " tag="040"><subfield code="a">NNU</subfield><subfield code="b">eng</subfield><subfield code="c">NNU</subfield></datafield><datafield ind1="1" ind2=" " tag="100"><subfield code="a">Ab&#363; al-Hud&#225; al-&#7778;ayy&#257;d&#299;, Mu&#7717;ammad ibn &#7716;asan W&#257;d&#299;,</subfield><subfield code="d">1849 or 50-1910 or 11.</subfield></datafield><datafield ind1="1" ind2="0" tag="240"><subfield code="a">D&#299;w&#257;n Mir&#700;&#257;t al-shuh&#363;d f&#299; mad&#7717; Sul&#7789;&#257;n al-al-Wuj&#363;d &#7779;all&#225; All&#257;h &#699;alayhi wa-sallam</subfield></datafield><datafield ind1="1" ind2="0" tag="245"><subfield code="a">H&#257;dh&#257; D&#299;w&#257;n Mir&#700;&#257;t al-shuh&#363;d f&#299; mad&#7717; Sul&#7789;&#257;n al-al-Wuj&#363;d &#7779;all&#225; All&#257;h &#699;alayhi wa-sallam</subfield><subfield code="h">[electronic resource] /</subfield><subfield code="c">li-Mu&#7717;ammad Ab&#299; al-Hud&#225; Afand&#299; al-&#7778;ayy&#257;d&#299; al-Rif&#257;&#699;&#299; al-Kh&#257;lid&#299;.</subfield></datafield><datafield ind1=" " ind2=" " tag="260"><subfield code="a">Mi&#7779;r :</subfield><subfield code="b">al-Ma&#7789;ba&#699;ah al-&#699;Um&#363;m&#299;yah,</subfield><subfield code="c">1897.</subfield></datafield><datafield ind1=" " ind2=" " tag="300"><subfield code="a">online resource (278 p.)</subfield></datafield><datafield ind1=" " ind2=" " tag="500"><subfield code="a">Part of the Arabic Collections Online (ACO) project, contributed by New York Univeristy Libraries.</subfield></datafield><datafield ind1=" " ind2=" " tag="533"><subfield code="a">Electronic reproduction.</subfield><subfield code="b">New York, N.Y. :</subfield><subfield code="c">New York University,</subfield><subfield code="d">2015.</subfield><subfield code="5">NNU</subfield></datafield><datafield ind1="0" ind2="0" tag="600"><subfield code="a">Mu&#7717;ammad,</subfield><subfield code="c">Prophet,</subfield><subfield code="d">d. 632</subfield><subfield code="v">Poetry.</subfield></datafield><datafield ind1="2" ind2=" " tag="710"><subfield code="a">New York University.</subfield><subfield code="b">Libraries.</subfield></datafield><datafield ind1="0" ind2=" " tag="730"><subfield code="a">Arabic Collections Online.</subfield></datafield><datafield ind1="0" ind2="1" tag="740"><subfield code="a">D&#299;w&#257;n Mir&#700;&#257;t al-shuh&#363;d f&#299; mad&#7717; Sul&#7789;&#257;n al-al-Wuj&#363;d &#7779;all&#225; All&#257;h &#699;alayhi wa-sallam.</subfield></datafield><datafield ind1="0" ind2="1" tag="740"><subfield code="a">Mir&#700;&#257;t al-shuh&#363;d f&#299; mad&#7717; Sul&#7789;&#257;n al-al-Wuj&#363;d &#7779;all&#225; All&#257;h &#699;alayhi wa-sallam.</subfield></datafield><datafield ind1="0" ind2="8" tag="776"><subfield code="i">Print version:</subfield><subfield code="a">Ab&#363; al-Hud&#225; al-&#7778;ayy&#257;d&#299;, Mu&#7717;ammad ibn &#7716;asan W&#257;d&#299;, 1849 or 50-1910 or 11.</subfield><subfield code="t">H&#257;dh&#257; D&#299;w&#257;n Mir&#700;&#257;t al-shuh&#363;d f&#299; mad&#7717; Sul&#7789;&#257;n al-al-Wuj&#363;d &#7779;all&#225; All&#257;h &#699;alayhi wa-sallam</subfield><subfield code="w">(NNU)001680138</subfield></datafield><datafield ind1="4" ind2="0" tag="856"><subfield code="u">http://hdl.handle.net/2333.1/w9ghx5zg</subfield></datafield><datafield ind1=" " ind2=" " tag="959"><subfield code="a">NNU</subfield><subfield code="b">WEB</subfield><subfield code="c">GENI</subfield><subfield code="t">0</subfield><subfield code="m">Electronic access</subfield><subfield code="s">01</subfield></datafield><datafield ind1=" " ind2=" " tag="999"><subfield code="i">NNU_001680138</subfield><subfield code="s">nyu_aco000497</subfield><subfield code="e">(ERROR-880)</subfield></datafield></record>